 @misc{best_latex_env,
  author       = {rainbartown},
  title        = {VSCodeで最高のLaTeX 環境を作る},
  howpublished = {\url{https://qiita.com/rainbartown/items/d7718f12d71e688f3573}},
  note         = {}
}
