 @misc{best_latex_env,
  author       = {rainbartown},
  title        = {VSCodeで最高のLaTeX 環境を作る},
  howpublished = {\url{https://qiita.com/rainbartown/items/d7718f12d71e688f3573}}
}

 @misc{ISSUE_1,
  author       = {Seiichi Horie},
  title        = {WSL環境においてdraw.ioプログラムのコマンドライン実行に失敗する},
  howpublished = {\url{https://github.com/suikan4github/PaleALE/issues/1}}
}

 @misc{ISSUE_3,
  author       = {Seiichi Horie},
  title        = {索引が空の場合にLaTeXのビルドが異常終了する},
  howpublished = {\url{https://github.com/suikan4github/PaleALE/issues/3}}
}
